 @article{rn1,  
author={方震 and 赵湛 and 郭鹏 and 张玉国}, 
title={基于RSSI测距分析}, 
organization={中国科学院电子学研究所 and 中国科学院电子学研究所}, 
journal={传感技术学报}, 
year={2007}, 
volume={20}, 
number={11}, 
pages={2526-2530}, 
month={1}, 
}

 @article{rn2,  
author={罗振东}, 
title={下一代WLAN技术标准802.11ac/ad}, 
organization={工业和信息化部电信研究院}, 
journal={现代电信科技}, 
year={2010}, 
volume={}, 
number={12}, 
pages={10-14}, 
month={1}, 
}

 @article{rn3,  
author={Salah A. Alabady and M. F. M. Salleh and Abdul Hasib}, 
title={Throughput and Delay Analysis of IEEE 802.11 DCF in the Presence of Hidden Nodes for Multi-hop Wireless Networks}, 
organization={西蒙弗雷泽大学 and 马来西亚塞恩斯大学电气与电子工程学院}, 
journal={Wireless personal communications: An Internaional Journal}, 
year={2014}, 
volume={79}, 
number={2}, 
pages={907-927}, 
month={1}, 
}

@misc{rn4, 
title={无线局域网中发送PPDU的方法及设备}, 
howpublished={Patent}, 
}

 @article{rn5,  
author={Park T.R. and Kim T.H. and Choi J.Y. and Choi S. and Kwon W.H.}, 
title={Throughput and energy consumption analysis of IEEE 802.15.4 slotted CSMA/CA}, 
organization={}, 
journal={Electronics Letters}, 
year={2005}, 
volume={41}, 
number={18}, 
pages={1017-1019}, 
month={1}, 
}

@book{mittelbach_latex_2004,
  author      = {Mittelbach, Frank and Goossens, Michel and Braams, Johannes and Carlisle, David and Rowley, Chris},
  title       = {The {\LaTeX} Companion},
  edition     = {2},
  address     = {Reading, MA, USA},
  publisher   = {Addison-Wesley},
  pages       = {107--109},
  year        = {2004}
}

@article{wright_latex3_2009,
  author      = {Wright, Joseph},
  title       = {{\LaTeX}3 programming: External perspective},
  journal     = {TUGboat},
  volume      = {30},
  number      = {1},
  pages       = {107--109},
  year        = {2009},
  urldate     = {2018-07-21},
  url         = {http://tug.org/TUGboat/tb30-1/tb94wright-latex3.pdf},
}

@online{beeton_unicode_2008,
  author      = {Beeton, Barbara and Freytag, Asmus and Sargent III, Murray},
  title       = {Unicode support for mathematics},
  url         = {http://www.unicode.org/reports/tr25/},
  urldate     = {2018-07-21},
  institution = {Unicode, Inc.},
  year        = {2008},
}

@inproceedings{vieth_experiences_2009,
  author      = {Vieth, Ulrik},
  title       = {Experiences typesetting mathematical physics},
  booktitle   = {Proceedings of EuroTeX},
  year        = {2009},
  pages       = {13},
  url         = {http://tug.org/TUGboat/tb30-3/tb96vieth.pdf},
}


@online{ls:2024,
author = {TeXer, W},
title = {\LaTeX 工作室},
month = Sept,
year = {2024},
url={https://www.latexstudio.net/}
}
